4309 5050
2057 214 2487 284 ...14-

798 427 863 474 v.
913 403 1060 470 732.
1105 403 1384 492 Ubique
1393 402 1724 473 Homerus
1748 403 2020 472 verbum
2039 394 2493 486 πυνθάνομαι
2530 401 3019 476 sunamitin
3038 403 3391 492 conjunxit
3432 403 3553 488 (Jl.
3576 405 3767 474 xm.
3786 379 3942 490 ¹522,

586 508 813 574 XVII.
862 509 1060 592 377),
1043 531 1059 547 ·
1129 508 1238 576 hic
1281 517 1524 590 autem,
1595 516 1670 574 ut
1737 506 1919 593 apud
1964 507 2347 595 posterioris
2392 510 2631 576 aetatis
2672 509 3065 596 scriptores,
3082 548 3087 556 ·
3122 509 3565 596 Aqemtivus
3610 511 3945 600 seqm'tur.
3927 533 3943 552 ·

591 607 753 682 ὁδὸν
795 606 1250 702 ὁρμαίνοντα.
1269 611 1378 700 (cf.
1403 611 1648 683 Herod.
1671 611 1798 681 IX.
1821 611 1908 678 58
1953 603 2048 686 ὡς
2093 604 2399 688 ἐπύθετο
2440 605 2603 686 τούς
2630 605 2951 702 Ἕλληνας
2991 583 3525 699 ἀποιχομένους
3540 627 3619 684 et
3630 613 3944 733 Duentz.)

799 717 846 786 1.
887 717 1041 786 XV.
1089 719 1174 786 26
1217 707 1488 804 κυδρός
1508 716 1814 803 alioquin
1857 715 1942 785 dc
1987 716 2118 782 diis
2161 719 2478 805 positum,
2519 729 2745 788 nocuo
2787 718 2935 788 loeo
2968 717 3063 784 de
3106 718 3373 788 mortali
3419 719 3687 786 homine
3742 719 3952 806 serip-

588 831 732 890 tum
779 820 1026 908 legitur
1070 823 1144 908 (J
1149 822 1191 890 l
1235 821 1486 890 XVIII.
1539 822 1713 906 184).

793 949 858 994 v.
908 927 1014 995 74.
1057 925 1285 1015 φιλεῖν
1328 949 1448 1012 pro
1493 923 1756 1013 φιλέειν
1801 925 1978 1012 apud
2017 925 2383 996 Homerum
2421 945 2770 1013 nusquam
2800 927 3139 998 invonitur
3182 928 3292 1013 (cf.
3338 929 3385 996 J
3386 929 3432 997 l
3456 930 3579 998 IX
3606 929 3764 1013 614,
3812 925 3941 996 od.
4007 979 4017 988 .

588 1030 818 1100 XVII.
863 1032 974 1114 56,
1011 1031 1168 1100 XV.
1216 1032 1368 1114 201,
1413 1030 1600 1114 542).

794 1159 858 1206 v.
904 1138 992 1206 98
1037 1126 1296 1218 dmm,
1341 1133 1524 1221 quod
1545 1135 1817 1202 verbum
1841 1133 1968 1206 hic.
1991 1157 2140 1202 cum
2166 1133 2478 1203 Genitivo
2512 1136 2943 1220 consociatur,
2986 1136 3263 1224 reliquis
3310 1137 3470 1206 locis
3498 1135 3943 1206 Accusativus

587 1243 884 1335 sequitur
929 1239 1048 1327 (Jl.
1091 1241 1144 1308 L
1191 1239 1384 1324 466)·
1367 1284 1386 1323 ,
1431 1239 1676 1325 itaque
1703 1239 2066 1308 scholiasta
2108 1239 2423 1311 adnotat·
2470 1231 2753 1327 „ticum
2798 1231 2841 1328 ἦ
2886 1231 3213 1328 φράσιςμ

799 1371 866 1418 v,
913 1347 1043 1414 218
1089 1366 1210 1432 pro
1255 1335 1374 1411 ἀπ.
1423 1340 1552 1430 εἷο.
1599 1341 1943 1430 ἐγκοσμέω·
1965 1343 2297 1414 Homerus
2344 1365 2605 1432 semper
2650 1342 3095 1428 κατακοσμέω
3138 1345 3392 1411 scribit·
3414 1345 3521 1429 (of.
3558 1344 3684 1415 od.
3716 1345 3949 1414 XXII.

585 1452 738 1538 440,
783 1450 892 1518 Jl.
923 1450 1042 1521 IV.
1093 1449 1281 1534 118);
1339 1471 1460 1526 nee
1513 1442 1761 1534 τεύχεα
1805 1450 1953 1535 (IV.
2003 1449 2159 1535 784)
2216 1449 2335 1516 sed
2378 1439 2576 1517 iiam
2606 1449 2717 1534 (cf.
2764 1449 2889 1517 Od.
2934 1449 3027 1518 11.
3072 1448 3237 1530 423,
3280 1449 3449 1532 430,
3494 1450 3611 1516 VI.
3662 1448 3818 1534 268)
3862 1448 3947 1516 de

585 1556 783 1624 rebus
829 1555 902 1622 in
945 1555 1180 1620 itinere
1225 1554 1614 1620 necessariis
1660 1566 2054 1642 usurpatum
2100 1554 2456 1621 invenitur.

796 1683 861 1730 v.
906 1659 1036 1727 236
1079 1658 1240 1728 τίνω
1283 1680 1542 1745 semper
1585 1681 1736 1726 oum
1779 1657 2173 1729 Accusativo
2218 1671 2285 1726 et
2330 1657 2655 1728 Genitivo.
2688 1657 3037 1744 conjuncto
3080 1657 3201 1744 (Jl.
3250 1657 3372 1730 111.
3420 1658 3585 1743 3663
3647 1657 3775 1726 Od.
3821 1658 3939 1728 111.

587 1767 745 1852 206)
791 1775 1052 1853 praeter
1097 1762 1637 1830 consuetudinem
1685 1764 1934 1851 duplex
1977 1763 2415 1832 Accusativus
2458 1763 2818 1832 attributus
2866 1774 2985 1831 est.

797 1869 1130 1950 Quoniam
1173 1891 1252 1936 eo
1281 1868 1752 1956 disputationis
1797 1869 2100 1943 venimus
2147 1871 2473 1958 novisque
2512 1867 2757 1934 fabulis
2810 1877 3199 1940 exornatam
3216 1915 3235 1950 ‚
3280 1868 3669 1936 instructam
3715 1888 3934 1934 rerum

584 1974 990 2041 mirabilium
1037 1974 1358 2059 congerie,
1407 1974 1725 2039 sermonis
1771 1973 1990 2042 colore
2031 1974 2347 2062 vitiisque
2380 1976 2691 2045 infectam
2738 1974 3025 2044 vidimus
3048 1974 3560 2058 Telemachiam,
3606 1972 3944 2041 neminem

579 2081 724 2168 jam
786 2081 1166 2146 recentioris
1227 2078 1504 2166 originis
1563 2099 1710 2146 esse
1753 2101 2016 2147 carmen
2058 2093 2459 2166 negaturum
2502 2101 2719 2166 spero.
2803 2078 2941 2148 Sed
2984 2078 3163 2166 quod
3196 2080 3339 2165 jam
3397 2101 3599 2166 supra
3644 2089 3941 2145 centona-

587 2185 758 2250 rium
795 2196 1092 2250 nostrum
1147 2187 1451 2266 „nostos“
1500 2182 1635 2249 alio
1682 2205 1765 2248 ex
1796 2185 2084 2250 carmine
2129 2182 2619 2272 deprompsisse
2649 2182 3085 2268 ostendimus,
3130 2195 3336 2250 restat
3380 2196 3457 2249 ut
3502 2185 3727 2271 paucis
3770 2203 3937 2248 com·

592 2309 900 2379 paremus
949 2311 1098 2354 cum
1145 2289 1251 2373 iis,
1300 2309 1472 2376 quae
1515 2289 1598 2354 de
1641 2301 1982 2356 nostorum
2015 2291 2395 2356 auctoribus
2442 2291 2528 2356 ab
2572 2289 2868 2375 antiquis
2914 2288 3267 2357 momoriae
3308 2287 3678 2357 traduntur.
3722 2285 3931 2366 Quam

584 2393 766 2461 viam
815 2391 1156 2461 difficilem
1201 2396 1622 2481 ingressurus
1671 2418 1754 2462 ne
1797 2395 2112 2474 audacius
2158 2394 2231 2460 in
2276 2395 2567 2478 omnium
2602 2393 2939 2463 doctorum
2986 2393 3279 2462 virorum
3314 2393 3637 2480 judicium
3666 2391 3933 2458 invehar

583 2519 832 2567 vereor.
925 2495 1028 2565 Ac
1067 2497 1458 2569 Welekerus
1521 2500 1787 2588 quidem
1848 2501 1958 2586 (of.
2006 2499 2118 2567 der
2164 2499 2431 2589 epische
2474 2498 2733 2585 Oyklus
2795 2499 2898 2569 od.
2960 2499 3069 2567 die
3118 2497 3293 2565 hom.
3338 2497 3620 2567 Dichter
3676 2500 3732 2567 1.
3793 2497 3940 2582 260,

583 2604 672 2675 11.
718 2604 846 2671 281
893 2605 1110 2692 seqq.)
1155 2616 1224 2672 et
1267 2602 1348 2673 G.
1397 2604 1508 2673 W.
1552 2604 1932 2677 Nitzsehius
1977 2607 2086 2693 (cf.
2129 2608 2444 2692 Boiusge
2484 2625 2601 2673 zur
2632 2602 2871 2675 Gesch.
2918 2605 2981 2673 d.
3028 2626 3131 2691 ep.
3177 2606 3409 2671 Poesie
3452 2606 3516 2671 d.
3560 2604 3829 2673 Griech.
3872 2624 3940 2691 p.

587 2710 716 2777 280
761 2711 972 2797 seqq.)
1063 2708 1306 2776 Suidae
1341 2709 1593 2797 judicio
1637 2711 1810 2797 (Lex
1851 2715 1932 2780 11.
1983 2714 2041 2781 1.
2087 2734 2154 2799 p.
2205 2714 2375 2780 1008
2432 2710 2537 2781 ed.
2580 2708 2873 2794 Bernh.),
2920 2711 3036 2797 qui
3080 2710 3207 2777 sub
3250 2712 3453 2777 verbo
3496 2701 3737 2783 νόστος
3784 2709 3945 2773 haee

583 2814 851 2884 scribitz
897 2806 982 2903 ,,ή
1029 2814 1266 2881 οἴκαδε
1311 2806 1647 2890 ἐπάνοδος
1689 2810 1882 2904 παρὰ
1927 2808 2008 2883 τὰ
2029 2818 2150 2903 τῆς
2195 2815 2533 2903 πατρίδος
2576 2806 2707 2903 ἡδὲ»
2740 2806 2849 2903 ἢῆ
2896 2807 3222 2889 ἀνάδοσις
3266 2816 3389 2904 τῆς
3428 2806 3721 2894 γεύσεως
3761 2812 3943 2880 ’Καὶ

585 2918 654 2987 οἱ
707 2918 994 3009 ποιηταὶ
1037 2917 1116 2993 δὲ
1154 2917 1226 2987 οἱ
1268 2912 1430 2993 τούς
1472 2912 1786 2995 Νόστους
1829 2913 2244 3009 ὑμνήσαντες
2288 2919 2571 2989 ἕπονται
2624 2919 2722 3005 τῷ
2760 2912 3029 3008 Ὁμήρῳ
3084 2917 3157 2993 ἐς
3208 2912 3371 2987 ὅσον
3430 2917 3567 2987 εἰσὶ
3626 2917 3945 2985 δυνατοέ(

583 3024 1080 3113 adstipulantur
1124 3036 1192 3090 et
1231 3024 1476 3111 Agim
1501 3024 1932 3093 Troezenium
1981 3026 2361 3113 antiquiora
2404 3025 2682 3093 Homeri
2726 3027 3017 3092 carmina
3060 3026 3135 3093 in
3176 3048 3375 3095 suum
3418 3048 3615 3093 usum
3660 3025 3943 3091 referen-

583 3144 719 3197 tem
781 3130 1207 3217 exscripsisse
1253 3130 1375 3205 ‚vel
1419 3118 1598 3197 certe
1642 3130 1966 3218 quaedam
2009 3133 2098 3199 ab
2144 3132 2263 3199 illo
2308 3144 2679 3199 mutuatum
2740 3156 2885 3199 esse
2930 3134 3265 3201 obstinate
3306 3140 3684 3199 tenuerunt.
3774 3129 3945 3196 Cum

583 3238 760 3303 enim
807 3235 1177 3323 complures
1223 3246 1570 3304 nostorum
1611 3238 1966 3325 scriptores
2011 3238 2393 3305 exstiterint
2439 3238 2547 3323 (cf.
2576 3236 2831 3306 Stiehle
2874 3236 3111 3325 philol.
3156 3238 3349 3305 Vll-1.
3394 3260 3462 3325 p.
3508 3238 3595 3302 49
3640 3257 3824 3322 seqq.
3872 3245 3943 3302 et

579 3341 672 3410 X.
725 3342 844 3410 151
891 3364 1113 3430 seqq.;
1161 3340 1280 3409 IV.
1325 3362 1390 3429 p.
1437 3342 1525 3409 99
1571 3328 1808 3429 seqq.),
1857 3364 1946 3409 ex
1985 3342 2068 3410 iis
2115 3344 2235 3430 qui
2278 3354 2743 3431 argumentum
2788 3344 3090 3411 versibus
3135 3344 3713 3431 prosequebantur
3729 3393 3749 3428 ‚
3810 3342 3943 3409 duo

579 3446 908 3535 inprimis
934 3458 1092 3513 sunt
1119 3445 1537 3515 nominandi:
1585 3448 2026 3536 Colophonius
2062 3450 2332 3536 quidam
2354 3460 2555 3537 poeta
2578 3458 2645 3514 et
2668 3445 2878 3533 Agias
2922 3461 3058 3533 aut,
3106 3461 3181 3513 ut
3227 3448 3348 3514 alii
3391 3448 3650 3531 volunt,
3676 3445 3939 3533 Augias

582 3550 1006 3620 Troezenius.
1125 3548 1259 3619 Sed
1319 3551 1403 3618 de
1461 3551 1578 3618 illo
1637 3574 1850 3639 pauca
1906 3564 2171 3619 tantum
2228 3554 2695 3637 innotuerunt3
2766 3575 2941 3620 unus
2998 3552 3396 3621 Eustathius
3454 3554 3527 3619 in
3568 3551 3695 3621 Od.
3742 3552 3937 3620 XVI.

580 3679 644 3727 v.
691 3656 818 3725 118
861 3654 956 3743 (p.
1005 3655 1204 3741 1796)
1250 3655 1482 3723 laudat
1525 3678 1680 3723 eum
1722 3658 1828 3725 his
1887 3658 2145 3727 verbis:
2213 3652 2297 3741 „ci
2356 3652 2519 3731 τούς
2576 3649 2858 3731 νόστους
2910 3651 3211 3747 ποιήσας
3252 3650 3703 3745 Κολοφώνιος
3752 3654 3927 3742 ›tvl-‚0

579 3762 664 3831 de
705 3761 833 3832 hoc
875 3760 1248 3848 complures
1291 3761 1422 3829 viri
1465 3762 1642 3829 docti
1669 3762 2078 3851 scripserunt
2121 3764 2249 3852 (cf.
2290 3764 2625 3833 Welcker.
2668 3786 2776 3853 ep.
2798 3763 2995 3849 Oykl.
3038 3765 3093 3834 Ι.
3138 3764 3267 3830 260
3298 3784 3503 3851 seqq„
3552 3764 3682 3832 276
3724 3782 3939 3851 seqq„

577 3867 668 3935 11.
727 3868 1114 3951 281—3003
1175 3866 1670 3955 Sengenbusch.
1733 3868 1894 3935 diss.
1955 3879 2129 3956 post.
2180 3892 2246 3959 p.
2292 3870 2379 3935 59
2423 3882 2491 3936 et
2538 3870 2709 3954 119).
2798 3869 3087 3935 Exstant
3144 3880 3367 3935 autem
3428 3868 3748 3955 reliquiae
3804 3888 3941 3933 car·

575 3972 778 4039 minis
823 3972 912 4039 ab
933 3970 1058 4039 hoc
1103 3982 1368 4041 auctore
1411 3974 1760 4061 compositi
1801 3975 1872 4039 in
1885 3974 2106 4041 Procli
2149 3974 2666 4041 chrestomathia
2708 3975 3161 4063 mantica,
3208 3972 3399 4061 cujus
3444 3974 3601 4041 libri
3642 3976 3939 4041 membra

575 4076 778 4146 variis
823 4079 897 4143 in
942 4077 1106 4144 loeis
1152 4075 1476 4165 dissipata
1519 4078 1770 4167 optime
1813 4079 2185 4168 composuit
2206 4079 2288 4145 R.
2308 4078 2771 4167 Westphalius
2816 4080 3141 4168 (scriptor.
3187 4080 3437 4157 meti-ie.
3466 4100 3679 4166 graec.
3708 4080 3759 4147 Ι.
3806 4076 3939 4145 229

577 4181 818 4271 seqq.).
904 4181 1008 4248 Ac
1047 4182 1588 4269 Segenbusohius
1635 4183 1904 4270 quidem
1947 4182 2193 4270 Agim
2237 4183 2671 4253 Troezenimn
2722 4184 3117 4267 „nonnullas
3164 4186 3575 4253 narrationes
3634 4182 3939 4249 hausisse

574 4287 690 4355 vel
729 4289 1264 4377 transscripsisse
1323 4300 1548 4377 partes
1611 4289 1936 4378 quasdam
1995 4289 2383 4357 immutatas
2440 4314 2477 4356 s
2534 4290 2822 4357 carmine
2876 4292 3273 4378 antiquioris
3332 4288 3615 4375 alicujus
3676 4296 3937 4375 poetae,

577 4394 700 4483 qui
743 4394 1014 4459 natione
1057 4405 1234 4461 esset
1277 4392 1794 4482 Colophonius“,
1841 4396 2241 4482 suspicatur.
2350 4392 2549 4475 Quod
2592 4398 2859 4484 saepius
2904 4397 3151 4463 factum
3194 4417 3345 4463 esse
3386 4394 3691 4460 Clemens
3736 4390 3935 4459 Alex·

575 4498 896 4587 (Stromb.
943 4500 1075 4569 628
1117 4500 1213 4585 b),
1257 4501 1378 4589 qui
1405 4500 1806 4567 Pisandrum
1849 4500 1936 4567 ad
1983 4500 2375 4567 Heracleam
2416 4502 2939 4590 componendam
2982 4499 3357 4589 antiquiore
3390 4499 3603 4566 Pisini
3646 4498 3937 4565 carmine

573 4603 802 4675 eodem
859 4605 1128 4675 nomine
1181 4605 1510 4693 insignito
1565 4626 1760 4673 usum
1819 4626 1968 4675 esse
2025 4616 2251 4673 monet
2260 4651 2285 4691 ,
2338 4608 2739 4697 comprobat.
2856 4606 2992 4693 (Of.
3044 4606 3110 4673 N
3112 4606 3345 4675 itu-ch.
3408 4603 3649 4673 (io-ch.
3706 4604 3775 4673 d.
3830 4622 3935 4688 ep-

569 4708 760 4780 Poes.
803 4730 872 4799 p.
921 4711 1102 4799 212).
