4309 5050
2655 563 2663 570 '
2748 543 3061 606 ⁸·.;q‚0⁰·
3129 564 3197 592 ο·
3276 552 3301 582 '⁶

2748 603 2765 616 ὓ
2823 599 3015 635 σο...
3117 611 3133 622 ο

2822 636 2889 657 .-

2632 754 2645 768 ·
2680 706 2697 722 ’
2881 753 2900 800 ³
2960 753 3494 855 ··3:·-:·=-3:;=÷2,3·÷

619 895 628 902 ’
680 900 844 1070 130
897 876 1736 1126 ‚inridemus
1790 873 2571 1134 -Tbleinashiaio
2642 897 3403 1110 carminibus(
3498 1007 3505 1014 -

2019 1191 2165 1248 ‚uun
2190 1193 2259 1238 σοι
2282 1191 2607 1237 vum-hu
2630 1191 2841 1236 mana
2979 1192 2988 1200 ·

2488 1263 2733 1321 claime.
2764 1263 2821 1306 11.
2852 1263 2920 1312 ιο.
2948 1264 3015 1306 ει.

1804 1455 2217 1465 -—————-———

541 1621 730 1756 Jam
769 1691 1078 1778 antiquis
1111 1692 1518 1779 tenporibus
1565 1713 1712 1758 cum
1755 1692 2176 1774 exsisterent,
2220 1691 2337 1778 qui
2361 1689 2633 1756 Homeri
2676 1690 2969 1755 carmina
3012 1689 3105 1755 ab
3148 1711 3277 1756 uno
3328 1689 3688 1778 eodemque

333 1808 599 1862 auctore
643 1817 788 1862 esse
831 1795 1132 1882 profecta
1158 1809 1500 1882 negarent,
1543 1797 1662 1861 alii
1706 1797 1881 1862 omni
1929 1819 2078 1862 cum
2107 1795 2365 1880 ingenii
2408 1796 2499 1878 vi,
2546 1807 2621 1860 ut
2643 1794 3068 1860 Aristarchus
3114 1794 3389 1880 ejusque
3432 1793 3684 1880 schola,

333 1921 724 1988 quacunque
754 1911 1062 1988 poterant
1084 1901 1360 1983 ratione,
1405 1900 1694 1986 illorum,
1721 1903 1855 1966 τῶν
1878 1891 2321 1988 χωριζόπων,
2350 1919 2579 1964 causas
2606 1898 3003 1966 labefactare
3036 1921 3113 1964 ac
3142 1898 3445 1984 frangere
3470 1900 3687 1964 conati

331 2016 507 2070 sunt.
597 2005 848 2070 Idoneo
894 2015 1113 2070 autem
1150 2015 1360 2091 atque
1404 2006 1666 2090 integro
1709 2004 2032 2070 Zenodoti
2070 2003 2321 2090 jndicio
2368 2003 2529 2090 jam·
2552 2015 2705 2069 ante
2726 2001 3187 2070 Aristarchum
3231 2003 3465 2088 multa,
3514 2021 3687 2091 quae

334 2109 420 2173 ab
466 2109 619 2174 aliis
667 2109 1026 2175 carminum
1073 2109 1384 2196 partibus
1421 2109 1890 2196 discreparent,
1939 2122 2402 2195 apparuerant,
2450 2109 2521 2174 in
2546 2110 2791 2195 quibus
2836 2109 2946 2175 vel
2992 2107 3206 2174 adhuc
3252 2121 3317 2174 et
3362 2131 3590 2174 versus
3621 2120 3688 2174 et

329 2213 586 2279 scholia
646 2213 1024 2282 accuratius
1079 2215 1560 2300 perlustrantes
1605 2214 1774 2279 offen
1783 2215 1966 2296 dunt,
2031 2235 2431 2301 quamquam
2488 2213 2687 2298 hujus
2742 2213 2951 2278 critici
3010 2213 3399 2278 auctoritate
3460 2233 3686 2278 omnes

331 2339 578 2384 naevos
625 2321 788 2384 satis
833 2318 1192 2384 exstinctos
1240 2329 1532 2404 putares.
1620 2318 1712 2383 Et
1755 2339 1829 2382 re
1869 2339 2028 2382 vera
2071 2341 2190 2404 per
2238 2318 2439 2403 longa
2482 2317 2751 2384 saecula
2794 2339 2986 2383 nemo
3035 2317 3184 2400 fuit,
3230 2318 3343 2403 qui
3392 2327 3687 2384 sanctam

331 2422 602 2489 Homeri
645 2423 972 2488 unitatem
1017 2422 1504 2508 aggrederetur.
1591 2422 1850 2488 Nostris
1899 2422 2161 2488 demum
2206 2423 2617 2508 temporibus
2662 2423 2859 2488 nimis
2906 2420 3193 2488 novandi
3242 2421 3497 2508 cupidis
3558 2422 3691 2487 fac-

333 2536 478 2591 tum
503 2538 624 2609 est,
671 2539 746 2593 ut
769 2525 1018 2608 Wolfii,
1063 2528 1522 2611 Lachmannii‚
1569 2528 1710 2611 alii,
1757 2550 1908 2593 cum
1955 2528 2142 2593 illius
2168 2542 2475 2613 poemata
2494 2527 2935 2613 perviderent,
2982 2548 3113 2593 non
3160 2528 3377 2594 solum
3408 2527 3687 2595 Iliadem

333 2627 834 2716 Odysseamque
853 2634 940 2697 ab
985 2652 1122 2697 uno
1143 2632 1506 2719 eodemque
1530 2646 1732 2719 poeta
1755 2634 2120 2719 composita
2143 2656 2291 2699 esse
2312 2646 2651 2717 negarent,
2693 2632 2813 2699 >sed
2838 2668 2925 2683 --·
2950 2633 3265 2698 horribile
3312 2632 3575 2697 auditu!
3596 2666 3687 2681 -··

331 2754 416 2799 ne
447 2754 676 2799 omnes
720 2733 1002 2819 quidem.
1020 2738 1366 2823 utriusque
1401 2738 1717 2804 carm-inis.
1755 2752 1976 2824 partes
2004 2738 2201 2803 unius
2232 2736 2659 2825 ejusdemque
2689 2738 2975 2804 auctoris
3020 2759 3167 2803 esse
3190 2736 3685 2818 contenderent,

331 2835 576 2905 Statim
622 2850 1069 2924 proruperunt
1087 2886 1108 2920 ‚
1177 2842 1292 2927 qui
1353 2840 1480 2907 has
1523 2865 1716 2907 voces
1781 2842 2128 2909 seditiosas
2176 2843 2643 2929 impugnarent
2688 2842 3087 2928 multosque,
3156 2851 3231 2907 ut
3276 2840 3684 2924 Niaschius,

333 2941 776 3009 unitariorum
825 2942 1025 3027 longe
1060 2943 1384 3029 princeps,
1433 2945 1638 3011 libros
1671 2948 2174 3031 conscriberent,
2222 2947 2469 3033 quibus
2514 2947 2759 3013 bonum
2786 2946 3151 3011 Homerum
3172 2966 3513 3031 nunquam
3542 2944 3687 3011 dor·

329 3046 606 3111 mitasse
647 3068 766 3113 nec
813 3045 1160 3135 profundo,
1205 3047 1536 3115 interdum
1581 3064 1773 3134 certe,
1811 3053 2112 3138 sopitum
2145 3051 2349 3119 fuisse
2394 3070 2623 3117 somno
2654 3052 3177 3137 comprobarent.
3260 3049 3427 3118 Cum
3472 3049 3686 3136 igitur

329 3145 523 3221 hodie
569 3150 896 3237 philologi
942 3150 1014 3217 in
1061 3151 1222 3217 duas
1270 3151 1586 3217 factiones
1631 3168 1748 3219 aut
1793 3157 2229 3223 unitariorum
2274 3167 2391 3221 aut
2434 3156 2801 3221 carminum
2848 3168 3233 3221 venatorum
3278 3156 3415 3221 sint
3460 3154 3682 3239 divisi,

311 3272 372 3348 *a
415 3250 920 3321 dissolventium
983 3277 1060 3320 ac
1113 3256 1581 3329 seditiosorum
1642 3260 1944 3345 partibus
2004 3283 2120 3325 nos
2170 3282 2436 3351 quoque
2480 3273 2657 3325 stare
2702 3259 2895 3325 nobis
2956 3280 3103 3325 cum
3150 3282 3393 3345 magno
3452 3270 3680 3327 nostro

330 3354 557 3422 dolore
601 3356 938 3423 fatendum
989 3372 1110 3429 est.
1189 3360 1704 3449 Quanticunque
1749 3365 1922 3429 enim
1967 3365 2405 3431 unitariorum
2444 3362 2669 3429 studia
2714 3380 2871 3431 sunt
2915 3364 3235 3449 facienda,
3282 3378 3507 3431 tamen
3548 3385 3683 3433 non

325 3472 540 3531 totum
587 3482 754 3548 opus
799 3484 930 3529 uno
977 3464 1230 3549 impetu
1275 3479 1758 3551 percurrentem
1805 3468 1922 3535 sed
1966 3468 2265 3555 singulas
2323 3468 2669 3555 utriusque
2708 3470 3021 3536 carminis
3060 3481 3281 3556 partes
3328 3468 3685 3554 diligenter

324 3577 850 3649 perscrutantem
891 3578 1096 3653 atquc
1139 3572 1632 3638 accuratissime
1673 3573 2122 3659 perlegentem
2169 3596 2397 3639 verum
2445 3598 2665 3646 rerum
2728 3588 2975 3643 statum
3034 3599 3427 3663 cognoscere
3479 3588 3683 3665 atqu

325 3670 702 3757 intelligere
745 3692 940 3759 posse
987 3684 1172 3757 puto.
1263 3677 1492 3762 ltaque
1535 3699 1712 3765 quae
1751 3700 1966 3765 nuper
2011 3679 2084 3745 F.
2131 3678 2587 3749 Nutzhornius
2632 3683 2703 3747 in
2750 3683 2957 3767 libro,
3020 3683 3127 3749 cui
3184 3684 3515 3770 praefatus
3576 3695 3683 3753 est

323 3774 702 3861 Madvigius
747 3776 996 3865 quique
1039 3778 1452 3847 inscribitur:
1507 3781 1676 3860 „Dio
1697 3784 2359 3871 Entstehungsweise
2407 3784 2521 3855 der
2568 3787 3025 3855 homerischen
3048 3786 3393 3856 Gedichte.
3440 3791 3681 3858 Unter·

322 3879 706 3965 suehungen
738 3882 902 3947 tiber
947 3881 1056 3949 die
1079 3882 1572 3972 Berechtiguug
1603 3886 1720 3953 der
1748 3886 2169 3959 auflosenden
2194 3890 2713 3961 Homerkritih‘*
2764 3892 3075 3979 (Leipzig
3103 3894 3331 3979 1869.)
3376 3894 3681 3981 singulos

321 3983 500 4049 locos
543 3984 616 4049 in
659 4006 812 4049 suos
859 4008 1018 4056 usus
1065 3989 1380 4059 vertendo
1413 3992 1608 4077 quasi
1653 3992 1735 4059 de
1779 3994 2040 4080 tripode
2083 3997 2153 4061 in
2202 3997 2584 4063 universum
2630 3997 3021 4084 disputavit,
3064 4000 3339 4065 minime
3388 4022 3681 4087 compro·

319 4090 480 4158 bare
523 4114 814 4178 possum.
907 4092 1032 4158 cui
1079 4116 1478 4184 quamquam
1533 4110 1600 4163 et
1643 4100 1952 4185 antiqu-os
1999 4114 2066 4165 et
2111 4116 2371 4169 nostros
2415 4114 2645 4189 poetas
2690 4103 2921 4189 paucis
2984 4114 3159 4169 certe
3216 4104 3677 4191 discrepantiis

321 4217 468 4261 esse
511 4198 832 4265 obnoxios
879 4220 1093 4286 neque
1137 4201 1422 4272 Homero
1463 4204 1630 4269 vitio
1678 4205 2102 4271 tribuendum
2147 4228 2326 4290 esse,
2398 4207 2574 4293 quod
2636 4207 2963 4273 interdum
3020 4210 3317 4281 narratio
3360 4210 3451 4275 sit
3492 4208 3679 4277 vitiis

321 4300 586 4383 infecta,
633 4302 1048 4369 concedimus
1071 4338 1160 4353 -·-
1181 4305 1392 4371 multa
1415 4308 1588 4373 enim
1614 4308 1808 4395 hujus
1854 4311 1948 4375 rei
1973 4312 2165 4375 affert
2210 4313 2517 4399 exempla
2536 4348 2623 4361 -
2646 4324 2871 4383 tamen
2904 4313 3035 4381 slis
3056 4328 3217 4381 sunt
3262 4316 3331 4379 in
3378 4313 3511 4382 iuis
3542 4336 3681 4381 car·

319 4406 636 4489 minibus,
683 4426 854 4494 quse
897 4409 1084 4477 nullo
1131 4409 1326 4477 modo
1369 4413 1668 4481 excusari
1713 4426 2010 4501 possunt.
2101 4416 2209 4481 Ita
2250 4416 2707 4503 Henningsius
2766 4420 2835 4485 in
2898 4420 3065 4485 libro
3124 4420 3205 4485 de
3252 4418 3677 4488 Telemachia

319 4512 592 4599 scripto,
639 4513 744 4577 cui
785 4514 1058 4581 titulum
1103 4514 1300 4581 fecitz
1370 4517 1632 4597 ¹‚Uebcr
1691 4519 1796 4588 die
1843 4520 2287 4605 Telemachie,
2348 4523 2491 4591 ihre
2550 4526 3059 4613 urspriingliche
3102 4526 3303 4591 Form
3350 4528 3487 4593 und
3532 4528 3678 4595 ihre

319 4626 588 4703 spatern
634 4618 1233 4706 Veranderungeffl
1299 4622 1612 4711 (Leipzig
1663 4625 1904 4712 1858.),
1969 4627 2138 4695 hanc
2183 4625 2523 4714 Odysseae
2579 4640 2833 4716 partem
2878 4631 3359 4718 posterioribus
3406 4632 3673 4699 demum

319 4722 732 4809 temporibus
770 4723 857 4790 ad
901 4746 1118 4791 rerum
1163 4728 1618 4816 sermonisque
1661 4730 2064 4819 reliquorum
2111 4732 2431 4803 librorum
2460 4760 2759 4805 normam
2806 4758 2951 4803 esse
2972 4737 3403 4823 compositam
3452 4735 3675 4805 docuit

1907 4864 2456 4999 898856
3254 4843 3283 4905 ¹
