4309 5050
2037 255 2126 272 ....
2219 221 2477 288 η’...

1171 461 1178 468 .
1215 403 1466 478 αὐτίκα
1513 401 1842 478 &Aroma
1885 411 2064 496 θῆκε
2105 409 2309 498 φίλον
2350 401 2553 495 κόρον
2594 403 2919 499 ἡβώοντα

1216 516 1428 602 γῆρας
1471 507 1852 596 ἆποξόσασ’
1897 511 2197 603 εἶδυίῃσι
2238 514 2685 602 πραπίδεσσι,

1221 611 1556 706 φάρμακα
1599 608 1796 687 πόλλ’
1841 611 2085 704 ἓψουθ
2130 617 2251 688 ἐπὶ
2290 619 2672 705 χρυσείοισι
2712 619 3011 710 λάβῃσιν.
3336 662 3349 688 ι

768 727 1036 820 ultaque
1079 723 1460 792 mortalium
1505 735 1574 789 et
1619 725 1828 795 animi
1873 735 1940 792 et
1985 745 2256 813 corpora
2302 725 2479 810 apud
2523 725 2674 792 illos
2692 768 2699 777 ·
2718 735 2951 814 poetas
2988 729 3445 815 juvenescant.
3486 726 3641 794 ‘Sed
3686 738 3754 794 et
3800 727 3949 794 Uli·

587 849 742 894 xem
789 828 1008 915 ipsum
1055 829 1362 915 Ephyrae
1406 829 1562 894 olim
1611 822 1975 916 φάρμακον
2019 821 2479 916 ἅνδροφόνον,.
2507 821 2695 919 ὄφρα
2740 829 2810 900 οἱ
2852 829 2959 920 ἐίη
2986 824 3153 904 -ἰούς
3196 829 3525 920 χρίεσθαι
3568 823 3951 922 χαλκήρεας

589 933 862 1022 petiisse
913 934 1194 1019 legimus
1243 934 1322 1018 (I.
1371 935 1500 1000 260
1548 935 1802 1022 seqq.);
1851 933 2037 1020 eujus
2081 934 2179 999 rei
2224 955 2303 999 ea
2348 934 2429 1002 de
2474 959 2674 1004 causa
2718 938 3119 1004 mentionem
3158 937 3399 1002 factam
3446 957 3609 1022 esse,
3658 949 3739 1002 ut
3779 937 3948 1002 illud

588 1037 700 1105 τοὶ
745 1029 1185 1122 δ’ἆγχιστῒνοι
1231 1035 1522 1106 ἔπιπτον
1567 1036 1808 1122 (XXII.
1861 1036 1985 1103 118
2031 1037 2245 1126 seqq.)
2294 1040 2610 1128 explicari
2656 1053 2916 1131 posset,
2956 1044 3114 1130 ‘jam
3174 1063 3215 1106 a
3274 1040 3633 1107 scholiasta
3676 1040 3946 1108 adnota-

592 1151 737 1210 tum
783 1143 1193 1209 invenimus:
1259 1134 1922 1228 προκατεσκεύασεν,
1966 1139 2080 1210 ἵνα
2123 1137 2220 1230 μή
2260 1140 2565 1232 ζητῶμεν
2610 1147 2760 1220 πῶς
2804 1140 2945 1213 ἆπὸ
2990 1147 3158 1230 μιᾶς
3200 1143 3463 1234 πληγῆς
3514 1137 3951 1234 ἆναιροῦνται

593 1245 661 1314 οἱ
704 1249 1147 1336 μνηστῆρες.“
1192 1242 1289 1330 (cf
1343 1246 1553 1314 schol.
1597 1251 1645 1315 I.
1694 1247 1841 1332 261,
1889 1247 2262 1334 Hennings.
2308 1269 2372 1334 p.
2420 1250 2598 1334 226).
2687 1251 2891 1316 Porro
2926 1273 3074 1316 cum
3114 1249 3550 1322 Telemachus
3596 1271 3667 1314 se
3710 1241 3947 1316 νόστον

591 1345 1015 1436 πευσόμενον
1059 1343 1324 1444 πατρός
1369 1353 1576 1440 φίλου
1619 1355 2072 1442 profecturum
2131 1378 2275 1422 esse
2290 1403 2309 1438 ,
2359 1353 2679 1438 declaret,
2740 1356 2921 1443 proci
2986 1377 3071 1421 ne
3114 1355 3461 1444 Ephyram
3520 1367 3627 1421 eat
3684 1357 3943 1438 timent,

591 1457 710 1544 (Il.
757 1460 886 1526 329
934 1461 1144 1546 seq.):

1217 1553 1372 1649 ὄφρ’
1419 1559 1614 1629 ἔνθεν
1660 1556 2099 1652 θυμοφθόρα
2145 1555 2453 1652 φάρμακ’
2498 1560 2737 1654 ἐνείκῃ,

1219 1663 1286 1732 ἐν
1334 1664 1411 1732 δὲ
1453 1659 1633 1756 βάλῃ
1679 1672 1995 1758 κρητῆρι,
2043 1668 2161 1734 καὶ
2205 1662 2421 1756 ἡμέας
2466 1659 2731 1742 πάντας
2774 1660 3037 1756 ὀλέσσῃ.

471 1791 478 1800 ·
588 1767 818 1835 Nostri
851 1770 1056 1854 igitur
1102 1771 1408 1836 carminis
1438 1771 1504 1838 id
1529 1795 1790 1861 quoque
1833 1773 2176 1862 proprium
2201 1785 2322 1859 est,
2369 1775 2549 1861 quod
2578 1775 2923 1841 venenatis
2954 1773 3248 1862 sagittis,
3296 1795 3575 1862 quarum
3619 1795 3946 1864 nusquam

592 1875 840 1942 mentio
889 1873 986 1958 fit,
1034 1874 1214 1942 locus
1261 1887 1382 1943 est.
1407 1911 1496 1926 --
1516 1877 1648 1944 Sed
1693 1879 1854 1942 haec
1899 1899 2220 1944 novarum
2269 1878 2644 1944 fabularum
2690 1877 2869 1946 fictio
2914 1891 2980 1945 et
3022 1878 3236 1945 nimia
3266 1901 3482 1944 rerum
3542 1879 3949 1946 mirabilium

595 1982 1004 2046 coacervatio
1065 2003 1196 2045 non
1261 1981 1437 2048 solae
1499 1995 1656 2046 sunt
1701 2005 1972 2068 causae,
2038 2005 2153 2048 cur
2210 1982 2591 2071 posterioris
2650 1983 2927 2072 originis
2988 1983 3474 2051 Telemachiam
3524 2007 3664 2052 esse
3726 1985 3948 2052 existi-

593 2104 880 2152 memus:
944 2086 1260 2152 sermonis
1323 2108 1586 2174 quoque.
1649 2087 1828 2152 color
1887 2089 2161 2154 minime
2222 2100 2324 2154 est
2382 2089 2861 2176 negligendus3
2926 2089 3243 2156 abhorret
3300 2091 3475 2155 enim
3536 2089 3861 2157 interdum
3906 2114 3947 2156 a

591 2189 864 2277 reliquis
913 2192 1250 2278 Odysseae
1297 2193 1719 2258 carminibus·

806 2293 1028 2380 Atque
1085 2287 1278 2378 ἅπαξ
1341 2295 1664 2383 εἰρημένα
1721 2297 1986 2384 quidem
2009 2348 2027 2381 ‚
2099 2319 2272 2384 quae
2329 2297 2534 2364 variis
2602 2299 2763 2364 locis
2822 2298 3191 2364 necessario
3248 2299 3435 2364 varia
3495 2310 3688 2385 sunt,
3745 2311 3819 2363 ut
3862 2297 3939 2366 L.

595 2396 1147 2464 Friedlaenderus
1207 2401 1496 2468 ostendit
1559 2403 1671 2487 (cf.
1731 2403 1962 2470 Jahrb.
2027 2401 2089 2470 d.
2143 2402 2347 2469 klasS.
2392 2402 2634 2470 Philol.
2690 2427 2753 2470 v.
2811 2401 3048 2470 Alfred
3093 2401 3481 2470 Fleckeisen
3530 2403 3654 2473 III.
3712 2402 3939 2490 Suppl.

589 2503 712 2573 Bd.
761 2505 925 2571 Heft
971 2505 1087 2571 Vl.
1137 2530 1200 2593 p.
1249 2505 1650 2593 'nl-830),
1697 2508 1948 2574 auxilio
2009 2531 2248 2576 vocare
2290 2509 2547 2577 omitto.
2653 2509 2747 2575 Ea
2790 2519 3085 2594 tantum,
3148 2532 3320 2597 quae
3372 2519 3737 2576 memoratu
3794 2515 3949 2574 sunt

593 2608 816 2697 digna,
865 2612 1154 2676 afferam.
1203 2610 1518 2677 Alienum
1565 2625 1783 2679 autem
1832 2635 1976 2679 esse
2021 2616 2228 2680 nostri
2256 2614 2560 2680 carminis
2610 2612 2868 2680 dicendi
2912 2636 3145 2700 genus,
3184 2614 3241 2679 si
3268 2615 3749 2702 comparaveris
3797 2636 3945 2680 cum

591 2714 742 2781 aliis
787 2714 1136 2802 Odysseae
1183 2716 1362 2799 locis,
1413 2718 1573 2782 haec
1616 2718 1849 2783 tabula
1893 2717 2187 2785 docebit:

799 2820 846 2885 1.
893 2820 948 2885 1.
994 2844 1057 2887 v.
1111 2822 1234 2887 103
1295 2818 1410 2886 ἐπὶ
1469 2812 1860 2909 προθύροις
1895 2814 2253 2910 Ὀδυσῆος,·
2308 2846 2427 2910 pro
2481 2820 2601 2891 ἐπὶ
2658 2844 2916 2910 semper
2978 2818 3047 2888 ἐν
3104 2819 3268 2911 (ἐνί)
3326 2824 3745 2911 conjunctum
3804 2846 3951 2889 eum

591 2916 1023 3014 προθύροισι
1069 2926 1270 3011 leges.
1316 2926 1470 3009 (IV.
1497 2926 1636 3013 20).

802 3054 865 3096 v.
919 3030 1064 3097 112.
1111 3031 1436 3098 δατεῦντο
1479 3032 1601 3096 hoe
1640 3030 1784 3095 loco
1817 3040 1918 3095 est
1963 3030 2363 3111 „dissecare“
2380 3055 2399 3115 3
2442 3030 2718 3119 reliquis
2754 3028 3226 3109 „distribuere⁸
3262 3022 3695 3119 [δαιτρεύειν,
3729 3030 3955 3101 δαίεσ-

592 3140 745 3204 θαι.
797 3137 985 3204 XIV.
1033 3140 1185 3221 433,
1233 3138 1389 3205 XV.
1442 3138 1586 3219 140,
1633 3135 1816 3222 323]

805 3265 866 3306 v.
893 3244 1044 3309 278.
1090 3242 1394 3309 ἕπεσθαι
1439 3242 1562 3308 hoc
1593 3240 1746 3306 ‘loco
1773 3239 2148 3325 Genitivus,
2196 3240 2686 3328 praepositione
2716 3236 2835 3305 ἐπὶ
2863 3239 2933 3304 in
2964 3236 3289 3305 auxilium
3316 3250 3569 3325 vocata,
3618 3242 3955 3327 sequitu13

591 3348 972 3433 ceteroquin
1020 3368 1168 3413 cum
1189 3346 1460 3431 Dativo,
1507 3368 1704 3432 saepe
1753 3366 1900 3411 cum
1927 3336 2096 3429 ἅμα,
2139 3336 2337 3430 μετά,
2385 3337 2506 3413 σύν
2529 3346 2971 3430 conjungitur.
3016 3344 3209 3412 Unus
3233 3342 3617 3417 Athenaeus
3636 3345 3809 3413 hanc
3828 3346 3959 3412 lec·

587 3450 836 3519 tionem
891 3454 1198 3539 praebet:
1243 3444 1360 3520 τὸν
1405 3450 1636 3538 ἕτερον
1681 3449 1800 3518 ἐπὶ
1842 3453 1966 3519 τοῦ
2009 3448 2247 3539 ἑτέρου
2292 3443 2435 3517 κατ’
2480 3442 2691 3537 οὖράν
2734 3441 3065 3533 ἑπόμενον
3098 3450 3199 3538 (V
3201 3452 3284 3519 11.
3330 3450 3509 3535 281).

799 3580 862 3622 v.
911 3559 1060 3627 337.
1108 3548 1306 3629 οἶδας
1349 3579 1470 3644 pro
1517 3548 1732 3623 οἶσθα
1776 3555 2048 3625 recurrit
2103 3556 2177 3623 in
2222 3556 2491 3641 hymnis
2548 3566 2614 3623 et
2660 3556 2837 3642 apud
2878 3555 3262 3625 recentioris
3302 3556 3539 3625 aetatis
3578 3554 3953 3643 scriptores.

593 3661 702 3734 (ef.
745 3662 1002 3747 Krueg.
1044 3660 1228 3727 Dial.
1273 3664 1382 3729 38.
1431 3662 1522 3745 7.)
2348 3718 2355 3724 .

801 3766 849 3835 l.
896 3766 980 3834 ΙΙ.
1027 3788 1091 3833 v.
1139 3766 1226 3831 63
1269 3766 1512 3847 καλῶς,
1557 3766 1733 3854 quod
1779 3767 2016 3833 iterum
2063 3765 2311 3851 legitur
2353 3764 2537 3852 hym.
2562 3765 2849 3835 XLVII.
2893 3786 2957 3833 v.
2979 3765 3043 3831 4.
3089 3763 3211 3829 hoc
3254 3786 3389 3829 uno
3432 3764 3573 3831 loco
3594 3764 3957 3850 reperitur3

591 3870 872 3958 reliquis
933 3862 1139 3937 καλόν
1195 3871 1308 3935 vel
1365 3861 1576 3951 καλάς
1635 3893 1710 3937 eo
1766 3871 2080 3957 majorem
2145 3870 2588 3958 suspicionem
2652 3881 2875 3935 movet
2889 3917 2910 3954 ,
2972 3868 3155 3956 quod
3198 3890 3345 3935 eum
3406 3859 3601 3952 ἅπαξ
3660 3868 3961 3953 λεγομεν.

591 3966 886 4048 διόλωλε
929 3975 1312 4061 copulatum
1358 3988 1476 4043 est.
1947 4000 1952 4005 ·

801 4100 868 4147 v.
919 4081 1062 4147 150.
1110 4074 1522 4169 πολύφημος
1567 4070 1847 4167 (α’γορά)
1906 4079 2016 4146 hie
2073 4080 2343 4167 passive
2401 4079 2695 4167 positum
2756 4088 2860 4143 est
2916 4088 2992 4141 ut
3046 4075 3226 4163 apud
3282 4078 3665 4166 posterioris
3722 4078 3961 4145 aetatis

595 4194 898 4254 auctores
945 4184 1224 4269 (Herod.
1269 4186 1353 4253 V.
1377 4187 1504 4269 593
1551 4184 1764 4251 Alcm.
1807 4206 1918 4273 ap.
1947 4182 2192 4251 Athen..
2237 4183 2357 4250 XI.
2382 4185 2599 4265 499a;
2642 4182 2836 4251 Pind.
2880 4185 2932 4249 Ι.
2980 4182 3043 4251 7.
3080 4182 3232 4269 58);
3280 4182 3435 4251 aliis
3476 4182 3755 4251 Homeri
3798 4183 3963 4251 locis

591 4287 930 4376 significat
983 4290 1436 4368 „vielredenffl
1487 4289 1645 4375 (od.
1689 4288 1918 4357 XXII.
1961 4289 2130 4371 3763
2174 4287 2358 4357 Batr.
2410 4288 2537 4372 12).

800 4416 866 4459 v.
918 4396 1060 4462 190.
1105 4387 1602 4483 ἇνιηρέστερος,
1663 4395 1851 4482 cujus
1910 4394 2058 4461 ¹loeo
2083 4392 2431 4465 Bekkerus
2474 4385 2931 4483 ἀνιηρώτερος
2972 4393 3267 4481 scripsit,
3320 4392 3801 4480 posterioribus
3854 4392 3963 4459 de·

591 4520 774 4565 mum
821 4501 1236 4589 temporibus
1281 4502 1610 4567 usitatum
1655 4511 1778 4567 est.
1837 4498 2217 4568 Scholiasta
2256 4499 2464 4587 igitur
2508 4500 2671 4567 haec
2711 4498 3095 4565 adnotavitt
3140 4490 3479 4581 ηᾶττικόν,
3522 4490 3617 4573 ὥς
3660 4492 3743 4567 τὸ
3784 4520 3963 4565 m-

589 4599 947 4695 χάστερονς
993 4604 1240 4673 formas
1287 4606 1360 4673 in
1403 4624 1704 4693 εστερος.
1724 4604 1910 4693 apud
1947 4604 2383 4690 Herodotum,
2428 4604 2815 4686 Pindarum,
2852 4601 3329 4689 Epichannum
3372 4603 3539 4671 alios
3578 4601 3967 4688 vuigatissi·

587 4731 732 4777 mas
779 4732 949 4794 esse,
999 4710 1398 4779 Eustathius
1442 4721 1670 4777 monet
1713 4708 1830 4794 (ad
1873 4707 1920 4775 l.
1967 4710 2054 4776 11.
2097 4730 2165 4773 v.
2192 4708 2389 4793 190.).
